<?xml version="1.0" encoding="UTF-8"?><record xmlns="http://www.loc.gov/MARC21/slim" xmlns:cinclude="http://apache.org/cocoon/include/1.0" xmlns:zs="http://www.loc.gov/zing/srw/">
  <leader>01269cz  a2200253n  4500</leader>
  <controlfield tag="001">n  99023320 </controlfield>
  <controlfield tag="003">DLC</controlfield>
  <controlfield tag="005">20131119181112.0</controlfield>
  <controlfield tag="008">990323n| azannaabn          |a aaa      </controlfield>
  <datafield tag="010" ind1=" " ind2=" ">
    <subfield code="a">n  99023320 </subfield>
  </datafield>
  <datafield tag="035" ind1=" " ind2=" ">
    <subfield code="a">(OCoLC)oca04950229</subfield>
  </datafield>
  <datafield tag="040" ind1=" " ind2=" ">
    <subfield code="a">DLC</subfield>
    <subfield code="b">eng</subfield>
    <subfield code="e">rda</subfield>
    <subfield code="c">DLC</subfield>
    <subfield code="d">DLC</subfield>
    <subfield code="d">OCoLC</subfield>
    <subfield code="d">DLC</subfield>
  </datafield>
  <datafield tag="053" ind1=" " ind2="0">
    <subfield code="a">PS3553.L3914</subfield>
  </datafield>
  <datafield tag="100" ind1="1" ind2=" ">
    <subfield code="a">Ward, S.</subfield>
    <subfield code="q">(Stasia),</subfield>
    <subfield code="d">1968-</subfield>
  </datafield>
  <datafield tag="375" ind1=" " ind2=" ">
    <subfield code="a">female</subfield>
  </datafield>
  <datafield tag="377" ind1=" " ind2=" ">
    <subfield code="a">eng</subfield>
  </datafield>
  <datafield tag="400" ind1="1" ind2=" ">
    <subfield code="w">nne</subfield>
    <subfield code="a">Kehoe, Stasia Ward,</subfield>
    <subfield code="d">1968-</subfield>
  </datafield>
  <datafield tag="400" ind1="1" ind2=" ">
    <subfield code="a">Ward, Stasia,</subfield>
    <subfield code="d">1968-</subfield>
  </datafield>
  <datafield tag="500" ind1="1" ind2=" ">
    <subfield code="a">Kehoe, Stasia Ward</subfield>
  </datafield>
  <datafield tag="670" ind1=" " ind2=" ">
    <subfield code="a">I live in a city, 1999:</subfield>
    <subfield code="b">CIP t.p. (Stasia Ward Kehoe) data sheet (b. Oct. 6, 1968)</subfield>
  </datafield>
  <datafield tag="670" ind1=" " ind2=" ">
    <subfield code="a">Meet Shel Silverstein, 2001:</subfield>
    <subfield code="b">CIP t.p. (S. Ward)</subfield>
  </datafield>
  <datafield tag="670" ind1=" " ind2=" ">
    <subfield code="a">Phone call to pub., Feb. 8, 2000</subfield>
    <subfield code="b">(S. Ward is Stasia Ward Kehoe; b. Oct. 6, 1968; Kehoe was her married name)</subfield>
  </datafield>
  <datafield tag="670" ind1=" " ind2=" ">
    <subfield code="a">OCLC, Oct. 21, 2000</subfield>
    <subfield code="b">(hdgs.: Ward, S. (Stasia), 1968- ; Kehoe, Stasia Ward; usage: S. Ward; Stasia Ward Kehoe)</subfield>
  </datafield>
  <datafield tag="670" ind1=" " ind2=" ">
    <subfield code="a">Email from publisher 11/14/2013:</subfield>
    <subfield code="b">(The author would like to treat this as a pseudonym situation and have her YA books separate from her picture books. She would like her YA books--AUDITION and THE SOUND OF LETTING GO--to be searchable with the name Stasia Ward Kehoe instead of S. Ward. It's a branding/long-term-career issue for her.)</subfield>
  </datafield>
</record>